@ARTICLE{Pitts:1995,
  author       = {Pitts, W.M.},
  title        = {{The Global Equivalence Ratio Concept and the Formation
                  Mechanisms of Carbon Monoxide in Enclosure Fires}},
  journal      = {Progress in Energy and Combustion Science},
  year         = {1995},
  volume       = {21},
  pages        = {197-237},
}

@TECHREPORT{Bundy:1,
  author       = {M. Bundy and A. Hamins and E.L. Johnsson and S.C. Kim and G.H. Ko and D.B. Lenhert},
  title        = {{Measurements of Heat and Combustion Products in Reduced-Scale Ventilation-Limited Compartment Fires}},
  year         = {2007},
  institution  = {National Institute of Standards and Technology},
  type         = {NIST Technical Note},
  number       = {1483},
  address      = {Gaithersburg, Maryland}
}


@ARTICLE{White:2017,
  author       = {J. P. White and S. Vilfayeau and A. W. Marshall and A. C. Trouv\'e and R. J. McDermott},
  title        = {Modeling flame extinction and reignition in large eddy simulations with fast chemistry},
  journal      = {Fire Safety Journal},
  volume       = {90},
  number       = {},
  pages        = {72-85},
  year         = {2017}
}

@manual{Smokeview_Users_Guide,
  author = "Forney, G.P.",
  title = "{Smokeview, A Tool for Visualizing Fire Dynamics Simulation Data,
  Volume I: User's Guide}",
  organization = {National Institute of Standards and Technology, Gaithersburg, Maryland, USA},
  year = 2013,
  month = "May",
  type   = "NIST Special Publication",
  number = "1017-1",
  edition = {sixth}
}

@INBOOK{SFPE:Tewarson,
  author       = {M.M. Khan and A. Tewarson and M. Chaos},
  title        = {SFPE Handbook of Fire Protection Engineering},
  chapter      = {{Combustion Characteristics of Materials and Generation of Fire Products}},
  publisher    = {Springer},
  year         = {2016},
  edition      = {5th},
  address      = {New York}
}


@INBOOK{SFPE:Beyler,
  author       = {Beyler, C.},
  title        = {SFPE Handbook of Fire Protection Engineering},
  chapter      = {Flammability Limits of Premixed and Diffusion Flames},
  publisher    = {Springer},
  year         = {2016},
  edition      = {5th},
  address      = {New York}
}

@manual{FDS_Users_Guide,
  author = {K. McGrattan and S. Hostikka and R. McDermott and J. Floyd and C. Weinschenk and K. Overholt},
  title = {{Fire Dynamics Simulator, User's Guide}},
  organization = {National Institute of Standards and Technology, Gaithersburg, Maryland, USA, and VTT Technical Research Centre of Finland, Espoo, Finland},
  year = 2013,
  month = {September},
  type   = {NIST Special Publication},
  number = 1019,
  edition = {sixth}
  }

@manual{FDS_Tech_Guide,
  author = {K. McGrattan and S. Hostikka and R. McDermott and J. Floyd and C. Weinschenk and K. Overholt},
  title = {{Fire Dynamics Simulator, Technical Reference Guide}},
  organization = {National Institute of Standards and Technology, Gaithersburg, Maryland, USA, and VTT Technical Research Centre of Finland, Espoo, Finland},
  year = 2013,
  month = {September},
  type   = {NIST Special Publication},
  number = 1018,
  edition = {sixth},
  note = {Vol.~1: Mathematical Model; Vol.~2: Verification Guide; Vol.~3: Validation Guide; Vol.~4: Software Quality Assurance}
  }

@INPROCEEDINGS{Magnussen:1,
  author       = {Magnussen, B.F. and Hjertager, B.H.},
  title        = {{On Mathematical Modeling of Turbulent Combustion with Special Emphasis on Soot Formation and Combustion}},
  booktitle    = {Proceedings of the Sixteenth Symposium (International) on Combustion},
  organization = {Combustion Institute, Pittsburgh, Pennsylvania},
  year         = {1977},
  pages        = {719-729},
}

@phdthesis{fleischmann1993backdraft,
  title={\emph{Backdraft phenomena}},
  author={Fleischmann, CM},
  year={1993},
  school={University of California, Berkeley, Berkeley, USA}
}

@inproceedings{fleischmann1994quantitative,
  title={Quantitative backdraft experiments},
  author={Fleischmann, CM and Pagni, PJ and Williamson, RB},
  booktitle={Fire Safety Science-Proceedings of the Fourth International Symposium},
  pages={337--348},
  year={1994}
}

@article{fleischmann1993exploratory,
  title={Exploratory backdraft experiments},
  author={Fleischmann, CM and Pagni, PJ and Williamson, RB},
  journal={Fire Technology},
  volume={29},
  number={4},
  pages={298--316},
  year={1993}
}

@mastersthesis{bollinger1995full,
  title={\emph{Full residential-scale backdraft}},
  author={Bollinger, I},
  year={1995},
  school={University of Canterbury, Christchurch, New Zealand}
}

@article{weng2003critical,
  title={Critical condition of backdraft in compartment fires: a reduced-scale experimental study},
  author={Weng, WG and Fan, WC},
  journal={Journal of Loss Prevention in the Process Industries},
  volume={16},
  number={1},
  pages={19--26},
  year={2003}
}

@article{weng2002experimental,
  title={Experimental study on the mitigation of backdraft in compartment fires with water mist},
  author={Weng, WG and Fan, WC},
  journal={Journal of Fire Sciences},
  volume={20},
  number={4},
  pages={259--278},
  year={2002}
}

@article{weng2002study,
  title={Study on salt water modeling of gravity currents prior to backdrafts using flow visualization and digital particle image velocimetry},
  author={Weng, W and Fan, W and Qin, J and Yang, L},
  journal={Experiments in Fluids},
  volume={33},
  number={3},
  pages={398--404},
  year={2002}
}

@article{gottuk1999development,
  title={The development and mitigation of backdraft: a real-scale shipboard study},
  author={Gottuk, DT and Peatross, MJ and Farley, JP and Williams, FW},
  journal={Fire Safety Journal},
  volume={33},
  number={4},
  pages={261--282},
  year={1999}
}

@article{farley1997development,
  title={The development and mitigation of backdrafts: a full-scale experimental study},
  author={Gottuk, DT and Williams, FW and Farley, JP},
  journal={Fire Safety Science},
  volume={5},
  pages={935--946},
  year={1997}
}

@techreport{gojkovic2000initial,
  title={Initial backdraft experiments},
  author={Gojkovic, D},
  year={2000},
  number={3121},
  institution={Lund University}
}

@article{tsai2013full,
  title={Full-scale experimental studies for backdraft using solid materials},
  author={Tsai, LC and Chiu, CW},
  journal={Process Safety and Environmental Protection},
  volume={91},
  number={3},
  pages={202--212},
  year={2013}
}

@mastersthesis{Chen2012,
  author       = {N. Chen}, 
  title        = {\emph{Smoke Explosion in Severally Ventilation Limited Compartment Fires}},
  school	   = {University of Canterbury, Christchurch, New Zealand},
  year         = 2012,
}

@phdthesis{Parkes2009,
  author       = {A.R. Parkes}, 
  title        = {\emph{The Impact of Size and Location of Pool Fires on Compartment Fire Behaviour}},
  school	   = {University of Canterbury, Christchurch, New Zealand},
  year         = 2009,
}

@article{park2015computational,
  title={Computational visualization of the backdraft development process in a compartment},
  author={Park, JW and Oh, CB and Choi, BI and Han, YS},
  journal={Journal of Visualization},
  volume={18},
  number={1},
  pages={25--29},
  year={2015}
}

@article{ferraris2008large,
  title={Large eddy simulation of the backdraft phenomenon},
  author={Ferraris, SA and Wen, JX and Dembele, S},
  journal={Fire Safety Journal},
  volume={43},
  number={3},
  pages={205--225},
  year={2008}
}

@article{weng2005prediction,
  title={Prediction of the formation of backdraft in a compartment based on large eddy simulation},
  author={Weng, WG and Fan, WC and Hasemi, Y},
  journal={Engineering Computations},
  volume={22},
  number={4},
  pages={376-392},
  year={2005}
}

@article{park2017computational,
  title={Computational study of backdraft dynamics and the effects of initial conditions in a compartment},
  author={Park, JW and Oh, CB and Han, YS and Do, KH},
  journal={Journal of Mechanical Science and Technology},
  volume={31},
  number={2},
  pages={985--993},
  year={2017}
}

@article{horvat2007numerical,
  title={Numerical simulation of backdraft phenomena},
  author={Horvat, Andrej and Sinai, Yehuda},
  journal={Fire Safety Journal},
  volume={42},
  number={3},
  pages={200--209},
  year={2007},
  publisher={Elsevier}
}

@article{babrauskas1994phi,
  title={The phi meter: A simple, fuel-independent instrument for monitoring combustion equivalence ratio},
  author={V Babrauskas and WJ Parker and G Mulholland and WH Twilley},
  journal={Review of Scientific Instruments},
  volume={65},
  number={7},
  pages={2367--2375},
  year={1994}
}

@article{Falkenstein2021c,
  author = {R Falkenstein-Smith and K Harris and K Sung and T Liang and A Hamins},
  title = {A calibration and sampling technique for quantifying the chemical structure in fires using GC/MSD analysis},
  journal = {Fire and Materials},
  volume={46},
  number={1},
  pages={3--11},
  year = {2021},
}

@techreport{Brown2022,
  title={{Reduced-Scale Compartment Gaseous Fuels Backdraft Experiments}},
  author={C Brown and R Falkenstein-Smith and T Cleary},
  year={2021},
  institution={ National Institute of Standards and Technology},
  type={NIST Technical Note},
  number={2183}
}

@techreport{Falkenstein2021a,
  title={{The Design and Performance of a Second-Generation Phi Meter}},
  author={R Falkenstein-Smith and T Cleary},
  year={2021},
  institution={ National Institute of Standards and Technology},
  type={NIST Technical Note},
  number={2184}
}

@techreport{Falkenstein2022,
  title={{Thermal and gas mixture composition measurements preceding backdrafts in a 2/5\textsuperscript{th} scale compartment}},
  author={R Falkenstein-Smith and T Cleary},
  year={2022},
  institution={ National Institute of Standards and Technology},
  type={NIST Technical Note},
  number={2185}
}



@techreport{Falkenstein2021b,
  title={{The Structure of Medium-Scale Pool Fires, Second Edition}},
  author={R Falkenstein-Smith and K Sung and J Chen and K Harris and A Hamins},
  year={2021},
  institution={National Institute of Standards and Technology},
  type={NIST Technical Note},
  number={2082,e2 }
}

@techreport{bryant2004nist,
  title={The {NIST} 3 megawatt quantitative heat release rate facility},
  author={Bryant, RA and Ohlemiller, TJ and Johnsson, EL and Hamins, A and Grove, BS and Guthrie, WF and Maranghides, A and Mulholland, GW},
  year={2003},
  institution={National Institute of Standards and Technology},
  type={NIST Special Publication},
  number={1001}
}

@BOOK{Hurley2016,
  editor= {M.J. Hurley},
  title= {SFPE Handbook of Fire Protection Engineering},
  publisher= {Springer},
  year= {2016},
  edition= {5th},
  address= {New York},
}

@article{stavropoulos2005quantitative,
  title={Quantitative local equivalence ratio determination in laminar premixed methane--air flames by laser induced breakdown spectroscopy ({LIBS})},
  author={P Stavropoulos and A Michalakou and G Skevis and S Couris},
  journal={Chemical Physics Letters},
  volume={404},
  number={4-6},
  pages={309--314},
  year={2005}
}

@article{zhang2012laser,
  title={Laser induced breakdown spectroscopy for local equivalence ratio measurement of kerosene/air mixture at elevated pressure},
  author={S Zhang and X Yu and F Li and G Kang and L Chen and X Zhang},
  journal={Optics and Lasers in Engineering},
  volume={50},
  number={6},
  pages={877--882},
  year={2012}
}

@inproceedings{ferioli2002libs,
  title={{LIBS} for Real-Time Equivalence Ratio Measurements in a Spark-Ignited Engine},
  author={Ferioli, Francesco and Puzinauskas, Paulius V and Buckley, Steven G},
  booktitle={Laser Induced Plasma Spectroscopy and Applications},
  pages={ThE23},
  year={2002},
  organization={Optical Society of America}
}

@article{han2002lif,
  title={An {LIF} equivalence ratio imaging technique for multicomponent fuels in an IC engine},
  author={D Han and RR Steeper},
  journal={Proceedings of the Combustion Institute},
  volume={29},
  number={1},
  pages={727--734},
  year={2002}
}

@article{tripathi2013comparison,
  title={A comparison of multivariate {LIBS} and chemiluminescence-based local equivalence ratio measurements in premixed atmospheric methane--air flames},
  author={MM Tripathi and KK Srinivasan and SR Krishnan and FY Yueh and JP Singh},
  journal={Fuel},
  volume={106},
  pages={318--326},
  year={2013}
}

@article{gong2006theoretical,
  title={Theoretical analysis of the backdraft phenomena induced by liquid fuel},
  author={J Gong and L Yang and X Chen and Z Guo},
  journal={Chinese Science Bulletin},
  volume={51},
  number={3},
  pages={364--368},
  year={2006}
}

@inproceedings{gorbett2007current,
  title={The current knowledge \& training regarding backdraft, flashover, and other rapid fire progression phenomena},
  author={Gorbett, Gregory E and Hopkins, Ronald and Kennedy, P},
  booktitle={Annual Meeting of the National Fire Protection Association},
  year={2007}
}

@article{guigay2009use,
  title={The use of CFD calculations to evaluate fire-fighting tactics in a possible backdraft situation},
  author={Guigay, Georges and Gojkovic, Daniel and Bengtsson, Lars-Goran and Karlsson, Bjorn and Eliasson, Jonas},
  journal={Fire Technology},
  volume={45},
  number={3},
  pages={287--311},
  year={2009}
}

@inproceedings{weng2005experimental,
  title={Experimental study of backdraft in a compartment with different opening geometries and its mitigation with water mist},
  author={ WG Weng and W Fan},
  booktitle={Fire Safety Science-Proceedings of the 8th International Symposium},
  pages={1181--1192},
  year={2005}
}

@article{fleischmann2013defining,
  title={Defining the difference between backdraft and smoke explosions},
  author={Fleischmann, Charles M and Chen, ZhiJian},
  journal={Procedia Engineering},
  volume={62},
  pages={324--330},
  year={2013}
}

@article{wu2011experimental,
  title={Experimental research on gas fire backdraft phenomenon},
  author={J Wu and Y Zhang and X Gou and M Yan and E Wang and L Liu},
  journal={Procedia Environmental Sciences},
  volume={11},
  pages={1542--1549},
  year={2011}
}

@article{wu2011experimental,
  title={Experimental research on gas fire backdraft phenomenon},
  author={Wu, Jinxiang and Zhang, Yingting and Gou, Xiang and Yan, Meijuan and Wang, Enyu and Liu, Liansheng},
  journal={Procedia Environmental Sciences},
  volume={11},
  pages={1542--1549},
  year={2011},
  publisher={Elsevier}
}

@inproceedings{hayasaka2008backdraft,
  title={Backdraft Experiments in a small compartment},
  author={Hayasaka, Hiroshi and Kudo, Yuji and Kojima, Hideyoshi and Hashigami, Tsutomu and Ito, Jun and Ueda, Takashi},
  booktitle={Progress in Scale Modeling: Summary of the First International Symposium on Scale Modeling (ISSM I in 1988) and Selected Papers from Subsequent Symposia (ISSM II in 1997 through ISSM V in 2006)},
  pages={313--324},
  year={2008},
  organization={Springer}
}

@article{tsai2013full,
  title={Full-scale experimental studies for backdraft using solid materials},
  author={Tsai, LC and Chiu, CW},
  journal={Process Safety and Environmental Protection},
  volume={91},
  number={3},
  pages={202--212},
  year={2013},
  publisher={Elsevier}
}

@article{zhao2021experimental,
  title={Experimental study on the backdraft phenomenon of solid fuel},
  author={Zhao, Jianlong and Li, Yanfeng and Li, Junmei and Huang, Youbo and Wu, Jinxiang},
  journal={Plos one},
  volume={16},
  number={8},
  pages={e0255572},
  year={2021},
  publisher={Public Library of Science San Francisco, CA USA}
}

@article{ferraris2008large,
  title={Large eddy simulation of the backdraft phenomenon},
  author={Ferraris, SA and Wen, JX and Dembele, S},
  journal={Fire Safety Journal},
  volume={43},
  number={3},
  pages={205--225},
  year={2008},
  publisher={Elsevier}
}

@article{park2017computational,
  title={Computational study of backdraft dynamics and the effects of initial conditions in a compartment},
  author={Park, Ji-Woong and Oh, Chang Bo and Han, Yong Shik and Do, Kyu Hyung},
  journal={Journal of Mechanical Science and Technology},
  volume={31},
  pages={985--993},
  year={2017},
  publisher={Springer}
}

@article{myilsamy2019large,
  title={Large eddy simulation of the backdraft dynamics in compartments with different opening geometries},
  author={Myilsamy, Dinesh and Oh, Chang Bo and Choi, Byung-Il},
  journal={Journal of Mechanical Science and Technology},
  volume={33},
  pages={2189--2201},
  year={2019},
  publisher={Springer}
}

@article{ashok2021numerical,
  title={A numerical study of backdraft phenomena under normal and reduced gravity},
  author={Ashok, Shreyas G and Echekki, Tarek},
  journal={Fire Safety Journal},
  volume={121},
  pages={103270},
  year={2021},
  publisher={Elsevier}
}